@article{lin_feature_2015,
	title = {Feature Selection and Extraction for Malware Classification},
	volume = {31},
	pages = {965--992},
	journaltitle = {Journal of Information Science and Engineering},
	shortjournal = {Journal of Information Science and Engineering},
	author = {Lin, C.-T and Wang, N.-J and Xiao, Han and Eckert, Claudia},
	date = {2015-05-01}
}

@article{biondi_effective_2019,
	title = {Effective, efficient, and robust packing detection and classification},
	volume = {85},
	issn = {01674048},
	url = {https://linkinghub.elsevier.com/retrieve/pii/S0167404818311040},
	doi = {10.1016/j.cose.2019.05.007},
	pages = {436--451},
	journaltitle = {Computers \& Security},
	shortjournal = {Computers \& Security},
	author = {Biondi, Fabrizio and Enescu, Michael A. and Given-Wilson, Thomas and Legay, Axel and Noureddine, Lamine and Verma, Vivek},
	date = {2019-08},
	langid = {english}
}

@article{lyda_using_2007,
	title = {Using Entropy Analysis to Find Encrypted and Packed Malware},
	volume = {5},
	issn = {1540-7993},
	url = {http://ieeexplore.ieee.org/document/4140989/},
	doi = {10.1109/MSP.2007.48},
	pages = {40--45},
	number = {2},
	journaltitle = {{IEEE} Security and Privacy Magazine},
	shortjournal = {{IEEE} Secur. Privacy Mag.},
	author = {Lyda, Robert and Hamrock, James},
	date = {2007-03},
	langid = {english}
}

@incollection{margaria_tutorial_2018,
	location = {Cham},
	title = {Tutorial: An Overview of Malware Detection and Evasion Techniques},
	volume = {11244},
	isbn = {978-3-030-03417-7 978-3-030-03418-4},
	url = {http://link.springer.com/10.1007/978-3-030-03418-4_34},
	shorttitle = {Tutorial},
	pages = {565--586},
	booktitle = {Leveraging Applications of Formal Methods, Verification and Validation. Modeling},
	publisher = {Springer International Publishing},
	author = {Biondi, Fabrizio and Given-Wilson, Thomas and Legay, Axel and Puodzius, Cassius and Quilbeuf, Jean},
	editor = {Margaria, Tiziana and Steffen, Bernhard},
	date = {2018},
	langid = {english},
	doi = {10.1007/978-3-030-03418-4_34},
	note = {Series Title: Lecture Notes in Computer Science}
}

@inproceedings{hubballi_detecting_2016,
	title = {Detecting Packed Executable File: Supervised or Anomaly Detection Method?},
	doi = {10.1109/ARES.2016.18},
	shorttitle = {Detecting Packed Executable File},
	pages = {638--643},
	booktitle = {2016 11th International Conference on Availability, Reliability and Security ({ARES})},
	author = {Hubballi, Neminath and Dogra, Himanshu},
	date = {2016-08}
}

@article{kancherla_packer_2016,
	title = {Packer identification using Byte plot and Markov plot},
	volume = {12},
	issn = {2263-8733},
	url = {https://doi.org/10.1007/s11416-015-0249-8},
	doi = {10.1007/s11416-015-0249-8},
	pages = {101--111},
	number = {2},
	journaltitle = {Journal of Computer Virology and Hacking Techniques},
	shortjournal = {J Comput Virol Hack Tech},
	author = {Kancherla, Kesav and Donahue, John and Mukkamala, Srinivas},
	date = {2016-05-01},
	langid = {english}
}

@article{perdisci_classification_2008,
	title = {Classification of packed executables for accurate computer virus detection},
	volume = {29},
	issn = {0167-8655},
	url = {http://www.sciencedirect.com/science/article/pii/S0167865508002110},
	doi = {10.1016/j.patrec.2008.06.016},
	pages = {1941--1946},
	number = {14},
	journaltitle = {Pattern Recognition Letters},
	shortjournal = {Pattern Recognition Letters},
	author = {Perdisci, Roberto and Lanzi, Andrea and Lee, Wenke},
	date = {2008-10-15},
	langid = {english}
}

@inproceedings{ugarte-pedrero_structural_2011,
	location = {Berlin, Heidelberg},
	title = {Structural Feature Based Anomaly Detection for Packed Executable Identification},
	isbn = {978-3-642-21323-6},
	doi = {10.1007/978-3-642-21323-6_29},
	series = {Lecture Notes in Computer Science},
	pages = {230--237},
	booktitle = {Computational Intelligence in Security for Information Systems},
	publisher = {Springer},
	author = {Ugarte-Pedrero, Xabier and Santos, Igor and Bringas, Pablo G.},
	editor = {Herrero, Álvaro and Corchado, Emilio},
	date = {2011},
	langid = {english}
}

@article{baldangombo_static_2013,
	title = {A Static Malware Detection System Using Data Mining Methods},
	url = {http://arxiv.org/abs/1308.2831},
	author = {Baldangombo, Usukhbayar and Jambaljav, Nyamjav and Horng, Shi-Jinn},
	date = {2013-08-13}
}

@online{purplesec,
	title = {2019 Cyber Security Statistics Trends \& Data},
	url = {https://purplesec.us/resources/cyber-security-statistics/},
	abstract = {Hundreds of cyber security statistics and metrics including the top network vulnerabilities, social engineering, penetration testing, compliance and more.},
	titleaddon = {{PurpleSec}},
	langid = {american},
	note = {Library Catalog: purplesec.us}
}

@online{java_knn,
	title = {K-Nearest Neighbor({KNN}) Algorithm for Machine Learning - Javatpoint},
	url = {https://www.javatpoint.com/k-nearest-neighbor-algorithm-for-machine-learning}
}

@online{logreg1,
	title = {Generalized Linear Model ({GLM}) — H2O 3.30.0.4 documentation},
	url = {https://docs.h2o.ai/h2o/latest-stable/h2o-docs/data-science/glm.html}
}

@online{logreg2,
	title = {Support Vector Machine},
	url = {https://www.saedsayad.com/support_vector_machine.htm}
}

@online{dt_source,
	title = {How to visualize decision tree},
	url = {http://explained.ai/decision-tree-viz/index.html},
	note = {Library Catalog: explained.ai}
}

@online{mlp_source,
	title = {{MLP} and {ANFIS} Applied to the Prediction of Hole Diameters in the Drilling Process {\textbar} {IntechOpen}},
	url = {https://www.intechopen.com/books/artificial-neural-networks-architectures-and-applications/mlp-and-anfis-applied-to-the-prediction-of-hole-diameters-in-the-drilling-process/}
}

@online{norma_source,
	title = {k nearest neighbour - Why do you need to scale data in {KNN}},
	url = {https://stats.stackexchange.com/questions/287425/why-do-you-need-to-scale-data-in-knn},
	titleaddon = {Cross Validated},
	note = {Library Catalog: stats.stackexchange.com}
}

@online{pca_source,
	title = {A Layman’s Introduction to Principal Components {\textbar} Hacker Noon},
	url = {https://hackernoon.com/a-laymans-introduction-to-principal-components-2fca55c19fa0}
}

@article{cv_source,
	title = {Tectonic discrimination of olivine in basalt using data mining techniques based on major elements: a comparative study from multiple perspectives},
	doi = {10.1080/20964471.2019.1572452},
	shorttitle = {Tectonic discrimination of olivine in basalt using data mining techniques based on major elements},
	pages = {1--18},
	journaltitle = {Big Earth Data},
	shortjournal = {Big Earth Data},
	author = {Ren, Qiubing and Li, Mingchao and Han, Shuai},
	date = {2019-02-19}
}

@article{edt_source,
	title = {On the feature engineering of building energy data mining},
	volume = {39},
	doi = {10.1016/j.scs.2018.02.016},
	journaltitle = {Sustainable Cities and Society},
	shortjournal = {Sustainable Cities and Society},
	author = {Zhang, Chuan and Cao, Liwei and Romagnoli, Alessandro},
	date = {2018-03-01}
}

@online{peid,
	title = {{PEiD}},
	url = {https://www.aldeid.com/wiki/PEiD}
}


@online{mc_afee,
	title = {Malware Packers Use Tricks to Avoid Analysis, Detection},
	url = {https://www.mcafee.com/blogs/enterprise/malware-packers-use-tricks-avoid-analysis-detection/},
	titleaddon = {{McAfee} Blogs},
	date = {2017-05-17},
	langid = {american},
	note = {Library Catalog: www.mcafee.com
Section: Enterprise}
}


@online{shadow,
	title = {The Shadowserver Foundation},
	url = {https://www.shadowserver.org/},
	langid = {american},
	note = {Library Catalog: www.shadowserver.org}
}


@software{pyautogui,
	title = {{PyAutoGUI}: {PyAutoGUI} lets Python control the mouse and keyboard, and other {GUI} automation tasks. For Windows, {macOS}, and Linux, on Python 3 and 2.},
	rights = {{BSD} License},
	url = {https://github.com/asweigart/pyautogui},
	shorttitle = {{PyAutoGUI}},
	version = {0.9.50},
	author = {Sweigart, Al}
}


@software{pefile,
	title = {pefile: Python {PE} parsing module},
	url = {https://github.com/erocarrera/pefile},
	shorttitle = {pefile},
	version = {2019.4.18},
	author = {Carrera, Ero}
}


@software{die,
	title = {horsicq/Detect-It-Easy},
	rights = {{MIT}},
	url = {https://github.com/horsicq/Detect-It-Easy},
	abstract = {Program for determining types of files for Windows, Linux and {MacOS}.},
	author = {Hors}
}

@software{manalyze,
	title = {{JusticeRage}/Manalyze},
	rights = {{GPL}-3.0},
	url = {https://github.com/JusticeRage/Manalyze},
	abstract = {A static analyzer for {PE} executables. Contribute to {JusticeRage}/Manalyze development by creating an account on {GitHub}.},
	author = {Kwiatkowski, Ivan}
}

@software{peframe,
	title = {guelfoweb/peframe},
	url = {https://github.com/guelfoweb/peframe},
	abstract = {{PEframe} is a open source tool to perform static analysis on Portable Executable malware and malicious {MS} Office documents.},
	author = {Amato, Gianni}
}


@book{ML,
	location = {Sebastopol},
	title = {Introduction to machine learning with Python: a guide for data scientists},
	isbn = {978-1-4493-6941-5},
	shorttitle = {Introduction to machine learning with Python},
	pagetotal = {384},
	publisher = {O'Reilly},
	author = {Müller, Andreas C. and Guido, Sarah},
	date = {2017}
}

@online{scikit,
	title = {scikit-learn: machine learning in Python — scikit-learn 0.23.1 documentation},
	url = {https://scikit-learn.org/stable/}
}

@online{jupyter,
	title = {Project Jupyter},
	url = {https://www.jupyter.org}
}

@online{numpy,
	title = {{NumPy}},
	url = {https://numpy.org/}
}

@online{pandas,
	title = {pandas - Python Data Analysis Library},
	url = {https://pandas.pydata.org/}
}

@online{matplotlib,
	title = {Matplotlib: Python plotting — Matplotlib 3.2.1 documentation},
	url = {https://matplotlib.org/}
}


@software{DL8.5,
	title = {aia-uclouvain/pydl8.5},
	rights = {{MIT}},
	url = {https://github.com/aia-uclouvain/pydl8.5},
	publisher = {Artificial Intelligence and Algorithms @{UCLouvain}},
	date = {2020-05-08},
}